

@misc{The-Opium-War,
author={National Army Museum},
title={The Opium War},
howpublished={\url{https://www.nam.ac.uk/explore/opium-war-1839-1842}}
}

@book{Foreign-Presence-in-China,
author={Cambridge University Press},
year={2008},
title={The Foreign Presence in China},
publisher={Cambridge History Online}
}

@article{Robert-Hart,
author={Frank H. H. King},
title={Hart, Sir Robert, first baronet},
volume={doi:10.1093/ref:odnb/33739},
journal={Oxford Dictionary of National Biography},
year={2004 ed.},
publisher={Oxford University Press}
}

@book{Out-of-China,
author={Robert Bickers},
title={Out of China},
pages={969},
abstract={Foreign motherâ€™s helper: the Chinese Amah.}
}

@article{Dogs-and-Chinese-not-Admitted,
author={Robert A. Bickers and Jeffrey N. Wasserstrom},
title={Shanghai's "Dogs and Chinese Not Admitted" Sign: Legend, History and Contemporary
Symbol},
journal={Cambridge University Press on behalf of the School of Oriental and African Studies},
year={2018}
}

@misc{finding-missionaries,
author={Panoramic Eyeshot of Phonenix},
title={finding missionaries},
year={2017},
howpublished={\url{https://www.youtube.com/watch?v=4XYj-yfGL2l}}
}